,Amount,BP1,BP2,BP3,BP4,BP5,BV1,BV2,BV3,BV4,BV5,Date,High,LastClose,Low,Name,NewPrice,Open,Open_Int,Price2,Price3,PriceChangeRatio,SP1,SP2,SP3,SP4,SP5,SV1,SV2,SV3,SV4,SV5,Symbol,Vol2,Volume
0,0.0,0.0,0,0,0,0,0,0,0,0,0,1540279457,514.12,519.08,512.28,荷兰阿姆斯特丹指,513.56,513.55,0.0,0.0,0.0,-1.063424,0,0,0,0,0,0,0,0,0,0,IXIXAEX,0,0
1,0.0,0.0,0,0,0,0,0,0,0,0,0,1540270910,5905.4,5904.9,5845.4,澳大利亚普通股指,5847.9,5904.9,0.0,5863.74,5904.9,-0.9653,0,0,0,0,0,0,0,0,0,0,IXIXAORD,0,464361280
2,0.0,0.0,0,0,0,0,0,0,0,0,0,1540218460,632.13,624.81,625.81,希腊雅典ASE指数,626.61,625.81,0.0,0.0,0.0,0.288086,0,0,0,0,0,0,0,0,0,0,IXIXASE,0,0
3,0.0,0.0,0,0,0,0,0,0,0,0,0,1540279457,3478.16,3510.38,3467.81,比利时20指数,3475.46,3475.12,0.0,0.0,0.0,-0.994762,0,0,0,0,0,0,0,0,0,0,IXIXBEL20,0,0
4,0.0,0.0,0,0,0,0,0,0,0,0,0,1540279457,910.59,910.91,894.9,丹麦哥本哈根20指,896.46,910.59,0.0,0.0,0.0,-1.58632,0,0,0,0,0,0,0,0,0,0,IXIXC20,0,0
5,0.0,0.0,0,0,0,0,0,0,0,0,0,1540255241,25561.34,25444.34,25236.05,道琼斯工业平均,25317.41,25492.14,0.0,25356.799,25444.34,-0.498852,0,0,0,0,0,0,0,0,0,0,IXIXDJIA,0,310657696
6,0.0,0.0,0,0,0,0,0,0,0,0,0,1540279457,1415.13,1415.33,1397.62,富时欧洲先驱300?,1400.51,1415.13,0.0,0.0,0.0,-1.047102,0,0,0,0,0,0,0,0,0,0,IXIXEF3X,0,0
7,0.0,0.0,0,0,0,0,0,0,0,0,0,1540279457,4466.01,4466.01,4403.08,富时欧洲先驱80指,4414.17,4466.01,0.0,0.0,0.0,-1.160764,0,0,0,0,0,0,0,0,0,0,IXIXEF80,0,0
8,0.0,0.0,0,0,0,0,0,0,0,0,0,1540279457,3960.29,3961.29,3914.49,富时欧洲先驱100?,3923.08,3960.29,0.0,0.0,0.0,-0.964584,0,0,0,0,0,0,0,0,0,0,IXIXEFC1,0,0
9,0.0,0.0,0,0,0,0,0,0,0,0,0,1540279457,4996.1,5053.31,4983.57,法国CAC40指数,4996.1,4991.91,0.0,0.0,0.0,-1.132129,0,0,0,0,0,0,0,0,0,0,IXIXFCHI,0,0
10,0.0,0.0,0,0,0,0,0,0,0,0,0,1540279459,18800.81,18966.22,18718.58,意大利富时MIB指?,18796.85,18762.92,0.0,0.0,0.0,-0.893015,0,0,0,0,0,0,0,0,0,0,IXIXFMIB,0,0
11,0.0,0.0,0,0,0,0,0,0,0,0,0,1540279459,7042.8,7042.8,6978.2,英国富时100指数,6992.44,7042.8,0.0,0.0,0.0,-0.715055,0,0,0,0,0,0,0,0,0,0,IXIXFTSE,0,0
12,195026.62,3032.53,0,0,0,0,0,0,0,0,0,1540279380,3058.47,3075.44,3032.53,富时海峡时报指数,3032.53,3056.79,0.0,0.0,0.0,-1.395245,0,0,0,0,0,0,0,0,0,0,IXIXFTSTI,1,64
13,0.0,0.0,0,0,0,0,0,0,0,0,0,1540279459,11368.72,11524.34,11334.09,德国DAX30指数,11363.8,11367.57,0.0,0.0,0.0,-1.393052,0,0,0,0,0,0,0,0,0,0,IXIXGDAXI,0,0
14,0.0,0.0,0,0,0,0,0,0,0,0,0,1540279458,3949.19,3954.84,3882.73,芬兰赫尔辛基25指,3887.51,3949.19,0.0,0.0,0.0,-1.702473,0,0,0,0,0,0,0,0,0,0,IXIXH25,0,0
15,0.0,0.0,0,0,0,0,0,0,0,0,0,1540279459,10481.75,10490.67,10165.35,恒生国企指数,10220.62,10442.95,0.0,10305.1045,10490.67,-2.57419,0,0,0,0,0,0,0,0,0,0,IXIXHSCEI,1,7847
16,0.0,0.0,0,0,0,0,0,0,0,0,0,1540279459,26015.49,26153.15,25315.76,恒生指数,25357.08,26015.49,0.0,25608.102,26153.15,-3.043879,0,0,0,0,0,0,0,0,0,0,IXIXHSI,1,8018
17,0.0,0.0,0,0,0,0,0,0,0,0,0,1530649910,74514.86,81815.31,72847.84,巴西IBOVESPA股票,73667.2,72847.84,0.0,0.0,81815.31,-9.959149,0,0,0,0,0,0,0,0,0,0,IXIXIBOVESPA,0,0
18,0.0,0.0,0,0,0,0,0,0,0,0,0,1540278917,1232.24,1232.24,1232.24,冰岛全股指数,1232.24,1232.24,0.0,0.0,0.0,0.0,0,0,0,0,0,0,0,0,0,0,IXIXIPI,0,0
19,0.0,0.0,0,0,0,0,0,0,0,0,0,1540249089,1083.11,1073.95,1071.84,标普美国可选消费,1077.7,1078.84,0.0,0.0,0.0,0.349178,0,0,0,0,0,0,0,0,0,0,IXIXIXY,0,0
20,0.0,0.0,0,0,0,0,0,0,0,0,0,1540279458,5847.686,5840.435,5802.818,印尼综指,5809.634,5838.421,0.0,5835.047,5840.435,-0.52738,0,0,0,0,0,0,0,0,0,0,IXIXJKSE,19456,5185338400
21,0.0,0.0,0,0,0,0,0,0,0,0,0,1540279457,1721.91,1722.47,1701.45,富时马来西亚KLCI,1702.02,1721.5,0.0,0.0,0.0,-1.187246,0,0,0,0,0,0,0,0,0,0,IXIXKLSE,0,0
22,0.0,0.0,0,0,0,0,0,0,0,0,0,1540276240,2148.8,2161.71,2094.69,韩国KOSPI指数,2106.1,2147.3,0.0,0.0,0.0,-2.572494,0,0,0,0,0,0,0,0,0,0,IXIXKS11,2254,363224
23,0.0,0.0,0,0,0,0,0,0,0,0,0,1540276234,277.57,279.4,270.72,韩国KOSPI200指数,272.54,277.31,0.0,0.0,0.0,-2.455256,0,0,0,0,0,0,0,0,0,0,IXIXKSP2,24,83331
24,0.0,0.0,0,0,0,0,0,0,0,0,0,1540274500,22410.15,22614.82,21993.07,日经225指数,22010.78,22404.14,0.0,22159.521,22614.82,-2.670996,0,0,0,0,0,0,0,0,0,0,IXIXN225,0,82656
25,0.0,0.0,0,0,0,0,0,0,0,0,0,1540242600,7520.54,7449.03,7424.74,纳斯达克综合指数,7468.63,7486.74,0.0,0.0,0.0,0.263123,0,0,0,0,0,0,0,0,0,0,IXIXNDX,45952,2071287300
26,53044672.0,22010.78,0,0,0,0,0,0,0,0,0,1540274420,22410.15,22614.82,21995.16,日经指数225,22010.78,22404.14,0.0,0.0,0.0,-2.670996,0,0,0,0,0,0,0,0,0,0,IXIXNI225,1,2391
27,0.0,0.0,0,0,0,0,0,0,0,0,0,1540213234,1579.0,1576.0,1579.0,波罗的海BDI指数,1579.0,1579.0,0.0,0.0,0.0,0.190355,0,0,0,0,0,0,0,0,0,0,IXIXPLYI,0,0
28,0.0,0.0,0,0,0,0,0,0,0,0,0,1540279457,4980.17,5019.07,4971.87,葡萄牙PSI20指数,4978.41,4973.81,0.0,0.0,0.0,-0.810104,0,0,0,0,0,0,0,0,0,0,IXIXPSI20,0,0
29,0.0,0.0,0,0,0,0,0,0,0,0,0,1540279459,1111.54,1116.56,1107.35,俄罗斯RTS指数,1111.4,1110.93,0.0,1109.4918,1126.97,-0.462137,0,0,0,0,0,0,0,0,0,0,IXIXRTS,0,1455
30,0.0,0.0,0,0,0,0,0,0,0,0,0,1540279457,1523.27,1526.05,1508.23,瑞典斯德哥尔摩30,1511.17,1523.27,0.0,0.0,0.0,-0.975067,0,0,0,0,0,0,0,0,0,0,IXIXS30,0,0
31,0.0,0.0,0,0,0,0,0,0,0,0,0,1540279408,34068.77,34134.38,33857.2,印度孟买SENSEX30,34000.2,33935.88,0.0,33968.766,34134.38,-0.393092,0,0,0,0,0,0,0,0,0,0,IXIXSENSEX,0,6637
32,0.0,0.0,0,0,0,0,0,0,0,0,0,1540202050,1674.25,1667.91,1654.9,泰国SET指数,1658.56,1669.82,0.0,0.0,0.0,-0.56058,0,0,0,0,0,0,0,0,0,0,IXIXSET,0,0
33,55621788000.0,0.0,0,0,0,0,0,0,0,0,0,1540278017,2544.3,2540.15,2451.67,上证50,2464.81,2539.65,0.0,0.0,0.0,-2.965961,0,0,0,0,0,0,0,0,0,0,IXIXSH000016,2412288,3541862400
34,142589190000000.0,0.0,0,0,0,0,0,0,0,0,0,1540278017,3276.02,3270.27,3163.57,沪深300,3183.43,3273.13,0.0,0.0,0.0,-2.655441,0,0,0,0,0,0,0,0,0,0,IXIXSH000300,8860672,12101322800
35,54448399000000.0,0.0,0,0,0,0,0,0,0,0,0,1540278017,4350.73,4333.14,4228.33,中证500,4253.56,4336.45,0.0,0.0,0.0,-1.836545,0,0,0,0,0,0,0,0,0,0,IXIXSH000905,3763712,7466806300
36,0.0,0.0,0,0,0,0,0,0,0,0,0,1540279459,8762.65,8865.56,8736.51,瑞士SMI指数,8762.55,8760.15,0.0,0.0,0.0,-1.161909,0,0,0,0,0,0,0,0,0,0,IXIXSMI,0,0
37,0.0,0.0,0,0,0,0,0,0,0,0,0,1540249089,2803.83,2688.88,2688.88,标普香港上市中国,2784.06,2688.88,0.0,0.0,0.0,3.53977,0,0,0,0,0,0,0,0,0,0,IXIXSPHCMSHP,0,0
38,0.0,0.0,0,0,0,0,0,0,0,0,0,1540255241,2778.94,2767.78,2749.22,标普500指数,2755.88,2773.94,0.0,2760.1917,2767.78,-0.429953,0,0,0,0,0,0,0,0,0,0,IXIXSPX,0,23559
39,0.0,0.0,0,0,0,0,0,0,0,0,0,1540279457,3179.07,3190.09,3146.23,欧洲斯托克50指数,3154.38,3179.07,0.0,0.0,0.0,-1.119411,0,0,0,0,0,0,0,0,0,0,IXIXSX5E,0,0
40,0.0,0.0,0,0,0,0,0,0,0,0,0,1540279457,358.44,359.74,355.21,欧洲斯托克600指?,355.93,358.44,0.0,0.0,0.0,-1.059098,0,0,0,0,0,0,0,0,0,0,IXIXSXXP,0,0
41,190659527000.0,0.0,0,0,0,0,0,0,0,0,0,1540278007,1329.77,1325.73,1292.16,深证综指,1300.29,1325.48,0.0,0.0,0.0,-1.918938,0,0,0,0,0,0,0,0,0,0,IXIXSZ399106,245071872,22126719000
42,190659527000.0,0.0,0,0,0,0,10491437,0,0,0,0,1540278077,7769.52,7748.82,7523.07,深证成指,7574.99,7752.18,8465.582,0.0,0.0,-2.243304,0,0,0,0,0,8098287,0,0,0,0,IXIXSZCZ,245071872,22126719000
43,166919406000.0,0.0,0,0,0,0,11037998,0,0,0,0,1540278017,2659.81,2654.88,2583.26,上证指数,2594.83,2652.65,2725.2505,0.0,0.0,-2.261865,0,0,0,0,0,7999494,0,0,0,0,IXIXSZZS,19118080,17834352600
44,0.0,0.0,0,0,0,0,0,0,0,0,0,1540234038,416.69,416.27,415.23,CCI商品指数,415.71,416.28,0.0,0.0,0.0,-0.134527,0,0,0,0,0,0,0,0,0,0,IXIXTRCCI,0,0
45,0.0,0.0,0,0,0,0,0,0,0,0,0,1540255241,197.3908,197.1761,196.5113,CRB商品指数,197.2502,197.0858,0.0,197.07336,197.1761,0.037579,0,0,0,0,0,0,0,0,0,0,IXIXTRJCRB,0,1690
46,0.0,0.0,0,0,0,0,0,0,0,0,0,1540242411,15492.88,15470.1,15364.08,S&PTSX综合指数,15412.7,15488.14,0.0,0.0,0.0,-0.371035,0,0,0,0,0,0,0,0,0,0,IXIXTSX,1166112,278747776
47,0.0,0.0,0,0,0,0,0,0,0,0,0,1540274051,9896.2,9974.28,9775.2,台湾加权指数,9775.2,9885.11,0.0,9833.411,9974.28,-1.995934,0,0,0,0,0,0,0,0,0,0,IXIXTWII,115121,1711293
48,0.0,0.0,0,0,0,0,0,0,0,0,0,1540279413,96.16,96.0,95.95,美元指数,96.05,96.03,0.0,0.0,0.0,0.052087,0,0,0,0,0,0,0,0,0,0,IXIXUDI,0,0
49,0.0,0.0,0,0,0,0,0,0,0,0,0,1540249089,492.07,492.07,487.68,富时澳大利亚指数,489.33,492.07,0.0,0.0,0.0,-0.556836,0,0,0,0,0,0,0,0,0,0,IXIXWIAUS,0,0
